@inproceedings{RN84,
   author = {Alaimo, A and Artale, V and Milazzo, C and Ricciardello, A},
   title = {Comparison between euler and quaternion parametrization in uav dynamics},
   booktitle = {AIP Conference Proceedings},
   publisher = {AIP},
   volume = {1558},
   pages = {1228-1231},
   ISBN = {0735411840},
   year = {2013},
   type = {Conference Proceedings}
}
@article{RN91,
   author = {Alexis, Kostas and Papachristos, Christos and Siegwart, Roland and Tzes, Anthony},
   title = {Robust model predictive flight control of unmanned rotorcrafts},
   journal = {Journal of Intelligent \& Robotic Systems},
   volume = {81},
   number = {3-4},
   pages = {443-469},
   ISSN = {0921-0296},
   year = {2016},
   type = {Journal Article}
}

@inproceedings{RN99,
   author = {Argentim, Lucas M and Rezende, Willian C and Santos, Paulo E and Aguiar, Renato A},
   title = {PID, LQR and LQR-PID on a quadcopter platform},
   booktitle = {2013 International Conference on Informatics, Electronics and Vision (ICIEV)},
   publisher = {IEEE},
   pages = {1-6},
   ISBN = {1479904007},
   year={2013},
   type = {Conference Proceedings}
}

@article{RN67,
   author = {Barker, A. L. and Brown, D. E. and Martin, W. N.},
   title = {Bayesian estimation and the Kalman filter},
   journal = {Computers \& Mathematics with Applications},
   volume = {30},
   number = {10},
   pages = {55-77},
   ISSN = {0898-1221},
   DOI = {https://doi.org/10.1016/0898-1221(95)00156-S},
   url = {http://www.sciencedirect.com/science/article/pii/089812219500156S},
   year = {1995},
   type = {Journal Article}
}

@article{RN104,
   author = {Bemporad, Alberto and Pascucci, Carlo A and Rocchi, Claudio},
   title = {Hierarchical and hybrid model predictive control of quadcopter air vehicles},
   journal = {IFAC Proceedings Volumes},
   volume = {42},
   number = {17},
   pages = {14-19},
   ISSN = {1474-6670},
   year = {2009},
   type = {Journal Article}
}

@article{RN110,
   author = {Benallegue, Abdelaziz and Mokhtari, Abdellah and Fridman, Leonid},
   title = {High‐order sliding‐mode observer for a quadrotor UAV},
   journal = {International Journal of Robust and Nonlinear Control: IFAC‐Affiliated Journal},
   volume = {18},
   number = {4‐5},
   pages = {427-440},
   ISSN = {1049-8923},
   year = {2008},
   type = {Journal Article}
}

@article{RN111,
   author = {Besnard, Lénaïck and Shtessel, Yuri B and Landrum, Brian},
   title = {Quadrotor vehicle control via sliding mode controller driven by sliding mode disturbance observer},
   journal = {Journal of the Franklin Institute},
   volume = {349},
   number = {2},
   pages = {658-684},
   ISSN = {0016-0032},
   year = {2012},
   type = {Journal Article}
}

@techreport{RN89,
   author = {Bouabdallah, Samir},
   title = {Design and control of quadrotors with application to autonomous flying},
   institution = {Epfl},
   year = {2007},
   type = {Report}
}

@inproceedings{RN103,
   author = {Bouabdallah, Samir and Siegwart, Roland},
   title = {Backstepping and sliding-mode techniques applied to an indoor micro quadrotor},
   booktitle = {Proceedings of the 2005 IEEE international conference on robotics and automation},
   publisher = {IEEE},
   pages = {2247-2252},
   ISBN = {078038914X},
   year={2005},
   type = {Conference Proceedings}
}

@inproceedings{RN109,
   author = {Bouabdallah, Samir and Siegwart, Roland},
   title = {Full control of a quadrotor},
   booktitle = {2007 IEEE/RSJ International Conference on Intelligent Robots and Systems},
   publisher = {Ieee},
   pages = {153-158},
   ISBN = {142440911X},
   year={2007},
   type = {Conference Proceedings}
}

@inproceedings{RN94,
   author = {Bouffard, Patrick and Aswani, Anil and Tomlin, Claire},
   title = {Learning-based model predictive control on a quadrotor: Onboard implementation and experimental results},
   booktitle = {2012 IEEE International Conference on Robotics and Automation},
   publisher = {IEEE},
   pages = {279-284},
   ISBN = {1467314056},
   year={2012},
   type = {Conference Proceedings}
}

@article{RN93,
   author = {Cao, Ning and Lynch, Alan F},
   title = {Inner–outer loop control for quadrotor UAVs with input and state constraints},
   journal = {IEEE Transactions on Control Systems Technology},
   volume = {24},
   number = {5},
   pages = {1797-1804},
   ISSN = {1063-6536},
   year = {2015},
   type = {Journal Article}
}

@article{RN92,
   author = {Choi, Young-Cheol and Ahn, Hyo-Sung},
   title = {Nonlinear control of quadrotor for point tracking: Actual implementation and experimental tests},
   journal = {IEEE/ASME transactions on mechatronics},
   volume = {20},
   number = {3},
   pages = {1179-1192},
   ISSN = {1083-4435},
   year = {2014},
   type = {Journal Article}
}

@article{RN106,
   author = {Dunbar, William B},
   title = {Model predictive control: extension to coordinated multi-vehicle formations and real-time implementation},
   journal = {Control and Dynamical Systems, California Institute of Technology, PhD Candi dacy Report CDS TR},
   pages = {1-16},
   year = {2001},
   type = {Journal Article}
}

@inproceedings{RN105,
   author = {Dunbar, William B and Murray, Richard M},
   title = {Model predictive control of coordinated multi-vehicle formations},
   booktitle = {Proceedings of the 41st IEEE Conference on Decision and Control, 2002.},
   publisher = {IEEE},
   volume = {4},
   pages = {4631-4636},
   ISBN = {0780375165},
   year = {2002},
   type = {Conference Proceedings}
}

@inproceedings{RN114,
   author = {Fethalla, Nuradeen and Saad, Maarouf and Michalska, Hannah and Ghommam, Jawhar},
   title = {Robust observer-based backstepping controller for a quadrotor UAV},
   booktitle = {2017 IEEE 30th Canadian Conference on Electrical and Computer Engineering (CCECE)},
   publisher = {IEEE},
   pages = {1-4},
   ISBN = {150905538X},
   year = {2017},
   type = {Conference Proceedings}
}

@inproceedings{RN116,
   author = {Fethalla, Nuradeen and Saad, Maarouf and Michalska, Hannah and Ghommam, Jawhar},
   title = {Robust tracking control for a quadrotor UAV},
   booktitle = {2017 25th Mediterranean Conference on Control and Automation (MED)},
   publisher = {IEEE},
   pages = {1269-1274},
   ISBN = {1509045333},
   year = {2017},
   type = {Conference Proceedings}
}

@article{RN117,
   author = {Fethalla, Nuradeen and Saad, Maarouf and Michalska, Hannah and Ghommam, Jawhar},
   title = {Robust observer-based dynamic sliding mode controller for a quadrotor UAV},
   journal = {IEEE Access},
   volume = {6},
   pages = {45846-45859},
   ISSN = {2169-3536},
   year = {2018},
   type = {Journal Article}
}

@article{RN78,
   author = {Fliess, Michel and Lévine, Jean and Martin, Philippe and Rouchon, Pierre},
   title = {Sur lessystèmesnon linéaires différentiellement plats},
   journal = {CR Acad. Sci. Paris},
   pages = {619},
   year = {1992},
   type = {Journal Article}
}

@article{RN79,
   author = {Fliess, Michel and Lévine, Jean and Martin, Philippe and Rouchon, Pierre},
   title = {Flatness and defect of non-linear systems: introductory theory and examples},
   journal = {International journal of control},
   volume = {61},
   number = {6},
   pages = {1327-1361},
   ISSN = {0020-7179},
   year = {1995},
   type = {Journal Article}
}

@article{RN80,
   author = {Fliess, Michel and Lévine, Jean and Martin, Philippe and Rouchon, Pierre},
   title = {A lie-backlund approach to equivalence and flatness of nonlinear systems},
   journal = {IEEE Transactions on automatic control},
   volume = {44},
   number = {5},
   pages = {922-937},
   ISSN = {0018-9286},
   year = {1999},
   type = {Journal Article}
}

@inproceedings{RN82,
   author = {Fliess, Michel and Mboup, Mamadou and Mounier, Hugues and Sira-Ramirez, Hebertt},
   title = {Questioning some paradigms of signal processing via concrete examples},
   year = {2003},
   type = {Conference Proceedings}
}



@article{RN76,
   author = {Ghoshal, Debarshi Patanjali and Gopalakrishnan, Kumar and Michalska, Hannah},
   title = {Algebraic parameter estimation using kernel representation of linear systems},
   journal = {IFAC-PapersOnLine},
   volume = {50},
   number = {1},
   pages = {12898-12904},
   ISSN = {2405-8963},
   year = {2017},
   type = {Journal Article}
}

@inproceedings{RN83,
  title={Algebraic Nonlinear Identification and Output Tracking Control of Synchronous Generator using Differential Flatness},
  author={Ghoshal, Debarshi Patanjali and Sinha, Shaunak and Michalska, Hannah},
  booktitle={2019 23rd International Conference on System Theory, Control and Computing (ICSTCC)},
  pages={206--211},
  year={2019},
  organization={IEEE}
}

@article{RN69,
   author = {Guo, Yafeng and Huang, Biao},
   title = {Moving horizon estimation for switching nonlinear systems},
   journal = {Automatica},
   volume = {49},
   number = {11},
   pages = {3270-3281},
   ISSN = {0005-1098},
   DOI = {https://doi.org/10.1016/j.automatica.2013.08.028},
   url = {http://www.sciencedirect.com/science/article/pii/S0005109813004299},
   year = {2013},
   type = {Journal Article}
}

@inproceedings{RN95,
   author = {Iskandarani, Mohamad and Givigi, Sidney N and Rabbath, Camille Alain and Beaulieu, Alain},
   title = {Linear model predictive control for the encirclement of a target using a quadrotor aircraft},
   booktitle = {21st Mediterranean Conference on Control and Automation},
   publisher = {IEEE},
   pages = {1550-1556},
   ISBN = {1479909971},
   year = {2013},
   type = {Conference Proceedings}
}

@article{RN90,
   author = {Lee, Daewon and Kim, H Jin and Sastry, Shankar},
   title = {Feedback linearization vs. adaptive sliding mode control for a quadrotor helicopter},
   journal = {International Journal of control, Automation and systems},
   volume = {7},
   number = {3},
   pages = {419-428},
   ISSN = {1598-6446},
   year = {2009},
   type = {Journal Article}
}

@article{RN113,
   author = {Mahony, Robert and Kumar, Vijay and Corke, Peter},
   title = {Multirotor aerial vehicles: Modeling, estimation, and control of quadrotor},
   journal = {IEEE robotics \& automation magazine},
   volume = {19},
   number = {3},
   pages = {20-32},
   ISSN = {1070-9932},
   year = {2012},
   type = {Journal Article}
}

@article{RN85,
   author = {Michael, Nathan and Mellinger, Daniel and Lindsey, Quentin and Kumar, Vijay},
   title = {The grasp multiple micro-uav testbed},
   journal = {IEEE Robotics \& Automation Magazine},
   volume = {17},
   number = {3},
   pages = {56-65},
   ISSN = {1070-9932},
   year = {2010},
   type = {Journal Article}
}

@article{RN112,
   author = {Mokhtari, Abdellah and M'Sirdi, Nacer K and Meghriche, Kamal and Belaidi, Abdelkader},
   title = {Feedback linearization and linear observer for a quadrotor unmanned aerial vehicle},
   journal = {Advanced Robotics},
   volume = {20},
   number = {1},
   pages = {71-91},
   ISSN = {0169-1864},
   year = {2006},
   type = {Journal Article}
}

@inproceedings{RN73,
   author = {Murray, Richard M and Rathinam, Muruhan and Sluis, Willem},
   title = {Differential flatness of mechanical control systems: A catalog of prototype systems},
   booktitle = {ASME international mechanical engineering congress and exposition},
   publisher = {Citeseer},
   year = {1995},
   type = {Conference Proceedings}
}

@article{RN88,
   author = {Musa, Sumaila},
   title = {Techniques for Quadcopter modeling and Design: A Review},
   journal = {Journal of Unmanned System Technology},
   volume = {5},
   number = {3},
   pages = {66-75},
   ISSN = {2287-7320},
   year = {2018},
   type = {Journal Article}
}

@inproceedings{RN87,
   author = {Nemati, Alireza and Kumar, Manish},
   title = {Modeling and control of a single axis tilting quadcopter},
   booktitle = {2014 American Control Conference},
   publisher = {IEEE},
   pages = {3077-3082},
   ISBN = {1479932744},
   year = {2014},
   type = {Conference Proceedings}
}

@article{RN98,
   author = {Ononiwu, Gordon and Onojo, Ondoma and Ozioko, Oliver and Nosiri, Onyebuchi},
   title = {Quadcopter Design for Payload Delivery},
   journal = {Journal of Computer and Communications},
   volume = {4},
   number = {10},
   pages = {1-12},
   year = {2016},
   type = {Journal Article}
}

@inproceedings{RN97,
   author = {Pyrkin, Anton A and Bobtsov, Alexey A and Kolyubin, Sergey A and Borisov, Oleg I and Gromov, Vladislav S and Aranovskiy, Stanislav V},
   title = {Output controller for quadcopters with wind disturbance cancellation},
   booktitle = {2014 IEEE Conference on Control Applications (CCA)},
   publisher = {IEEE},
   pages = {166-170},
   ISBN = {1479974099},
   year = {2014},
   type = {Conference Proceedings}
}

@article{RN108,
   author = {Raffo, Guilherme V and Ortega, Manuel G and Rubio, Francisco R},
   title = {MPC with Nonlinear H$_infty$ Control for Path Tracking of a Quad-Rotor Helicopter},
   journal = {IFAC Proceedings Volumes},
   volume = {41},
   number = {2},
   pages = {8564-8569},
   ISSN = {1474-6670},
   year = {2008},
   type = {Journal Article}
}

@article{RN68,
   author = {Rao, Christopher V. and Rawlings, James B. and Lee, Jay H.},
   title = {Constrained linear state estimation—a moving horizon approach},
   journal = {Automatica},
   volume = {37},
   number = {10},
   pages = {1619-1628},
   ISSN = {0005-1098},
   DOI = {https://doi.org/10.1016/S0005-1098(01)00115-7},
   url = {http://www.sciencedirect.com/science/article/pii/S0005109801001157},
   year = {2001},
   type = {Journal Article}
}

@inproceedings{RN81,
   author = {Sira-Ramírez, Hebertt},
   title = {On the linear control of the quad-rotor system},
   booktitle = {Proceedings of the 2011 American Control Conference},
   publisher = {IEEE},
   pages = {3178-3183},
   ISBN = {1457700816},
   year = {2011},
   type = {Conference Proceedings}
}

@book{RN77,
   author = {Sira-Ramirez, Hebertt and Agrawal, Sunil K},
   title = {Differentially flat systems},
   publisher = {Crc Press},
   ISBN = {148227664X},
   year = {2004},
   type = {Book}
}

@book{RN75,
   author = {Sira-Ramírez, Hebertt and Rodríguez, Carlos García and Romero, John Cortés and Juárez, Alberto Luviano},
   title = {Algebraic identification and estimation methods in feedback control systems},
   publisher = {John Wiley \& Sons},
   ISBN = {1118730585},
   year = {2014},
   type = {Book}
}

@inproceedings{RN100,
   author = {Soumelidis, Alexandros and Gáspár, Péter and Regula, Gergely and Lantos, Béla},
   title = {Control of an experimental mini quad-rotor UAV},
   booktitle = {2008 16th Mediterranean Conference on Control and Automation},
   publisher = {IEEE},
   pages = {1252-1257},
   ISBN = {1424425042},
   year = {2008},
   type = {Conference Proceedings}
}

@inproceedings{RN101,
   author = {Sridhar, Siddharth and Kumar, Rumit and Radmanesh, Mohammadreza and Kumar, Manish},
   title = {Non-linear sliding mode control of a tilting-rotor quadcopter},
   booktitle = {ASME 2017 Dynamic Systems and Control Conference},
   publisher = {American Society of Mechanical Engineers Digital Collection},
   year = {2017},
   type = {Conference Proceedings}
}

@article{RN102,
   author = {Sumantri, Bambang and Uchiyama, Naoki and Sano, Shigenori},
   title = {Least square based sliding mode control for a quad-rotor helicopter and energy saving by chattering reduction},
   journal = {Mechanical Systems and Signal Processing},
   volume = {66},
   pages = {769-784},
   ISSN = {0888-3270},
   year = {2016},
   type = {Journal Article}
}

@inproceedings{RN86,
   author = {Wang, Pengcheng and Man, Zhihong and Cao, Zhenwei and Zheng, Jinchuan and Zhao, Yong},
   title = {Dynamics modelling and linear control of quadcopter},
   booktitle = {2016 International Conference on Advanced Mechatronic Systems (ICAMechS)},
   publisher = {IEEE},
   pages = {498-503},
   ISBN = {1509053468},
   year = {2016},
   type = {Conference Proceedings}
}


@book{bishop1996modern,
  title={Modern control systems analysis and design using MATLAB and SIMULINK},
  author={Bishop, Robert H},
  year={1996},
  publisher={Addison-Wesley Longman Publishing Co., Inc.}
}

@inproceedings{alexis2011model,
  title={Model predictive quadrotor indoor position control},
  author={Alexis, Kostas and Papachristos, Christos and Nikolakopoulos, George and Tzes, Anthony},
  booktitle={2011 19th Mediterranean Conference on Control \& Automation (MED)},
  pages={1247--1252},
  year={2011},
  organization={IEEE}
}

@inproceedings{hoffmann2007quadrotor,
  title={Quadrotor helicopter flight dynamics and control: Theory and experiment},
  author={Hoffmann, Gabriel and Huang, Haomiao and Waslander, Steven and Tomlin, Claire},
  booktitle={AIAA guidance, navigation and control conference and exhibit},
  pages={6461},
  year={2007}
}

@article{zheng2014second,
  title={Second order sliding mode control for a quadrotor UAV},
  author={Zheng, En-Hui and Xiong, Jing-Jing and Luo, Ji-Liang},
  journal={ISA transactions},
  volume={53},
  number={4},
  pages={1350--1356},
  year={2014},
  publisher={Elsevier}
}

@article{alexis2012model,
  title={Model predictive quadrotor control: attitude, altitude and position experimental studies},
  author={Alexis, Kostas and Nikolakopoulos, George and Tzes, Anthony},
  journal={IET Control Theory \& Applications},
  volume={6},
  number={12},
  pages={1812--1827},
  year={2012},
  publisher={IET}
}

@inproceedings{wang2016dynamics,
  title={Dynamics modelling and linear control of quadcopter},
  author={Wang, Pengcheng and Man, Zhihong and Cao, Zhenwei and Zheng, Jinchuan and Zhao, Yong},
  booktitle={2016 International Conference on Advanced Mechatronic Systems (ICAMechS)},
  pages={498--503},
  year={2016},
  organization={IEEE}
}

@phdthesis{RN118,
   author = {Ravichandran, Praveen},
   title = {Dynamic regression in tracking of chaotic system trajectories},
   university = {McGill University Libraries},
   url = {http://digitool.Library.McGill.CA/R/?func=dbin-jump-full&object_id=161212},
   year = {2018},
   type = {Thesis}
}

@phdthesis{RN119,
   author = {Gopalakrishnan, Kumar},
   title = {A new method of non-asymptotic estimation for linear systems},
   university = {McGill University Libraries},
   url = {http://digitool.Library.McGill.CA/R/?func=dbin-jump-full&object_id=146999},
   year = {2017},
   type = {Thesis}
}

@mastersthesis{RN120,
  author = {Sinha, Shaunak},
  title = {Simultaneous identification and tracking of a synchronous generator},
  school       = {McGill University Libraries},
  year         = {2018},
  address      = {Montreal},
  month        = {4},
  note         = {blank}
}

@book{harris2002harris,
  title={Harris' shock and vibration handbook},
  author={Harris, Cyril M and Piersol, Allan G},
  volume={5},
  year={2002},
  publisher={McGraw-Hill New York}
}

@inbook{RN71,
   author = {Nonami, Kenzo and Kendoul, Farid and Suzuki, Satoshi and Wang, Wei and Nakazawa, Daisuke},
   title = {Autonomous Control of a Mini Quadrotor Vehicle Using LQG Controllers},
   booktitle = {Autonomous Flying Robots: Unmanned Aerial Vehicles and Micro Aerial Vehicles},
   publisher = {Springer Japan},
   address = {Tokyo},
   pages = {61-76},
   ISBN = {978-4-431-53856-1},
   DOI = {10.1007/978-4-431-53856-1_3},
   url = {https://doi.org/10.1007/978-4-431-53856-1_3},
   year = {2010},
   type = {Book Section}
}

@article{faessler2017differential,
  title={Differential flatness of quadrotor dynamics subject to rotor drag for accurate tracking of high-speed trajectories},
  author={Faessler, Matthias and Franchi, Antonio and Scaramuzza, Davide},
  journal={IEEE Robotics and Automation Letters},
  volume={3},
  number={2},
  pages={620--626},
  year={2017},
  publisher={IEEE}
}

@inproceedings{mellinger2011minimum,
  title={Minimum snap trajectory generation and control for quadrotors},
  author={Mellinger, Daniel and Kumar, Vijay},
  booktitle={2011 IEEE International Conference on Robotics and Automation},
  pages={2520--2525},
  year={2011},
  organization={IEEE}
}

@inbook{levine2009differential,
   author = {L{\'e}vine, Jean},
   title = {Differentially Flat Systems},
   booktitle = {Analysis and Control of Nonlinear Systems A Flatness-based Approach},
   publisher = {Springer Berlin Heidelberg},
   address = {Tokyo},
   pages = {131-179},
   ISBN = {978-3-642-00839-9},
   DOI = {10.1007/978-3-642-00839-9_6},
   url = {https://doi.org/10.1007/978-3-642-00839-9_6},
   year = {2009},
   type = {Book Section}
}

@inbook{bash2019analysis,
  author       = {Fethalla, Nuradeen and Khan, Bashar and Maarouf, Saad and Michalska, Hannah}, 
  title        = {Analysis, Verification and Comparison of various Robust Control Methods for Dynamic Control of Quadrotore UAV},
  booktitle = {Analysis and Control of Nonlinear Systems A Flatness-based Approach},
  chapter      = 5,
  pages        = {121-173},
  publisher    = {Ecole Techonologie Superieur},
  year         = 2019,
  ISBN = {978-3-642-00839-9},
   DOI = {10.1007/978-3-642-00839-9_6},
   url = {https://doi.org/10.1007/978-3-642-00839-9_6},
   type = {Book Section},
}

@article{levant1998robust,
  title={Robust exact differentiation via sliding mode technique},
  author={Levant, Arie},
  journal={automatica},
  volume={34},
  number={3},
  pages={379--384},
  year={1998},
  publisher={Elsevier}
}

@inproceedings{ghoshal2019finite,
  title={Finite-interval kernel-based identification and state estimation for LTI systems with noisy output data* This work was supported by The National Science \& Engineering Research Council of Canada},
  author={Ghoshal, Debarshi Patanjali and Michalska, Hannah},
  booktitle={2019 American Control Conference (ACC)},
  pages={4982--4989},
  year={2019},
  organization={IEEE}
}

@inproceedings{pandey2018variational,
  title={Variational Approach to Joint Linear Model and State Estimation},
  author={Pandey, Abhishek and Ghoshal, Debarshi Patanjali and Michalska, Hannah},
  booktitle={2018 Annual American Control Conference (ACC)},
  pages={3520--3525},
  year={2018},
  organization={IEEE}
}


@article{fliess2003algebraic,
  title={An algebraic framework for linear identification},
  author={Fliess, Michel and Sira--Ram{\'\i}rez, Hebertt},
  journal={ESAIM: Control, Optimisation and Calculus of Variations},
  volume={9},
  pages={151--168},
  year={2003},
  publisher={EDP Sciences}
}

@inproceedings{ghoshal2017using,
  title={Using invariance to extract signal from noise},
  author={Ghoshal, Debarshi Patanjali and Gopalakrishnan, Kumar and Michalska, Hannah},
  booktitle={2017 American Control Conference (ACC)},
  pages={2588--2593},
  year={2017},
  organization={IEEE}
}

@book{sarkka2013bayesian,
  title={Bayesian filtering and smoothing},
  author={S{\"a}rkk{\"a}, Simo},
  volume={3},
  year={2013},
  publisher={Cambridge University Press}
}

@article{fleming1997deterministic,
  title={Deterministic nonlinear filtering},
  author={Fleming, Wendell H},
  journal={Annali della Scuola Normale Superiore di Pisa-Classe di Scienze},
  volume={25},
  number={3-4},
  pages={435--454},
  year={1997}
}

@inproceedings{krener2015minimum,
  title={Minimum energy estimation and moving horizon estimation},
  author={Krener, Arthur J},
  booktitle={2015 54th IEEE Conference on Decision and Control (CDC)},
  pages={4952--4957},
  year={2015},
  organization={IEEE}
}

@phdthesis{nuradeen2019thesis,
  author       = {Nuradeen Fathella}, 
  title        = {Modelling, identification, and control of a quadrotor helicopter },
  school       = {Ecole de technologie superieure ETS},
  year         = {2019},
  address      = {Montreal},
  month        = {7},
  note         = {Note}
}

@mastersthesis{brice2017thesis,
  author       = {Brice Hernandez}, 
  title        = {Commande par linéarisation entrée-sortie d'un drone de type quadcopter à l'aide de la Kinect One},
  school       = {Ecole de technologie superieure ETS},
  year         = {2017},
  address      = {Montreal},
  month        = {10},
  note         = {blank}
}

@book{oliphant2006guide, 
  title={A guide to NumPy}, 
  author={Oliphant, Travis E}, 
  volume={1}, 
  year={2006}, 
  publisher={Trelgol Publishing USA} 
}

@book{teschl2012ordinary,
  title={Ordinary differential equations and dynamical systems},
  author={Teschl, Gerald},
  volume={140},
  year={2012},
  publisher={American Mathematical Soc.}
}